@article{viola,
	Author = {P. Viola and M. J. Jones},
	Journal = {International Journal of Computer Vision},
	Month = {},
	Number = {57},
	Numpages = {18},
	Pages = {137--154},
	Title = {Robust Real-Time Face Detection},
	Volume = {2},
	Url = {},
	Year = {2004}}


@inproceedings{hog,
	Author = {N. Dalal and B. Triggs},
	booktitle = {Computer Vision and Pattern Recognition, 2005. CVPR 2005. IEEE Computer
	             Society Conference},
	Month = {},
	Number = {},
	Numpages = {8},
	Pages = {886--893},
	Title = {Histograms of Oriented Gradients for Human Detection},
	Volume = {1},
	Url = {},
	Year = {2005}}

@inproceedings{phog,
	Author = {A. Bosch and A. Zisserman and X. Munoz},
	booktitle = {CVIR},
	Month = {July},
	Number = {},
	Numpages = {8},
	Pages = {401--408},
	Title = {Representing shape with a spatial pyramid kernel},
	Volume = {},
	Url = {},
	Year = {2007}}

@article{pre,
	Author = {K. Bose and S. Bandyopadhyay},
	Journal = {Journal for Research},
	Month = {June},
	Number = {4},
	Numpages = {20},
	Pages = {29--38},
	Title = {Crack Detection and Classification in Concrete Structure},
	Volume = {2},
	Url = {},
	Year = {2016}}


@book{ann,
    author    = "A. Abraham",
    title     = "Handbook of Measuring System Design",
    year      = "2005",
    publisher = "John Wiley \& Sons, Ltd.",
    address   = {OK, USA}
}

@book{ekman,
    author    = "P. Ekman",
    title     = "Non-verbal Behavior and Communication",
    year      = "1977",
    publisher = "Lawrence Erlbaum Association",
    address   = {New Jersey}
}
@book{stan,
    author    = {D. Manning and P. Raghavan and H. Sch\"{u}tze},
    title     = "Introduction to Information Retrieval",
    year      = "2009",
    publisher = "Cambridge University Press",
    address   = {}
}

@book{mehrabian,
  author    = "A. Mehrabian",
    title     = "Nonverbal Communication",
    year      = "1984",
    publisher = "Current Content",
    address   = {CA, USA}
}

@article{1,
	Author = {R. Goyal and T. Mittal},
	Journal = {HCTL Open Int. J. of Technology Innovations and Research},
	Month = {July},
	Number = {},
	Pages = {1--10},
	Title = {Facial Expression Recognition using Artificial Neural Network},
	Volume = {10},
	Year = {2014}}
		
@article{2,
	Author = {C. Satyananda Reddy and T. Srinivas},
	Journal = {International Journal of Applied Engineering Research },
	Month = {},
	Number = {1},
	Numpages = {6},
	Pages = {650--655},
	Title = {Improving the Classification Accuracy of Emotion Recognition using
            Facial Expressions},
	Volume = {11},
	Year = {2016}}
	
@article{3,
	Author = {H. Boubenna and D. Lee},
	Journal = {12th International Conference on Natural Computation, Fuzzy
              Systems and Knowledge Discovery},
	Month = {August},
	Number = {},
	Numpages = {8},
	Pages = {511--517},
	Title = {Feature selection for facial emotion recognition based on genetic algorithm},
	Volume = {12},
	Year = {2016}}

@inproceedings{ck,
   author = {Patrick Lucey and Jeffrey F. Cohn and Takeo Kanade and Jason
              Saragih and Zara Ambadar and Iain Matthews},
   title = {The Extended {C}ohn-{K}anade Dataset ({CK}+): {A} complete dataset for
             action unit and emotion-specified expression},
   booktitle = {Conf. on Computer Vision and Pattern Recognition Workshops (CVPRW),
                2010 IEEE Computer Society},
   year = {2010}}

@article{svm,
  title={A practical guide to support vector classification},
  author={Hsu, Chih-Wei and Chang, Chih-Chung and Lin, Chih-Jen and others},
  year={2003},
  publisher={Taipei, Taiwan}
}
@book{dict,
  title={Encyclopedia of machine learning},
  author={Sammut, Claude and Webb, Geoffrey I},
  year={2011},
  publisher={Springer Science \& Business Media}
}






