@article{viola,
	Author = {P. Viola and M. J. Jones},
	Journal = {International Journal of Computer Vision},
	Month = {},
	Number = {57},
	Numpages = {18},
	Pages = {137--154},
	Title = {Robust Real-Time Face Detection},
	Volume = {2},
	Url = {},
	Year = {2004}}

@article{hog,
	Author = {N. Dalal and B. Triggs},
	Journal = {Computer Vision and Pattern Recognition, 2005. CVPR 2005. IEEE Computer
	Society Conference},
	Month = {},
	Number = {},
	Numpages = {8},
	Pages = {886--893},
	Title = {Histograms of Oriented Gradients for Human Detection},
	Volume = {1},
	Url = {},
	Year = {2005}}

@article{phog,
	Author = {A. Bosch and A. Zisserman and X. Munoz},
	Journal = {CVIR},
	Month = {July},
	Number = {},
	Numpages = {8},
	Pages = {401--408},
	Title = {Representing shape with a spatial pyramid kernel},
	Volume = {},
	Url = {},
	Year = {2007}}
@article{pre,
	Author = {K. Bose and S. Bandyopadhyay},
	Journal = {Journal for Research},
	Month = {June},
	Number = {4},
	Numpages = {20},
	Pages = {29--38},
	Title = {Crack Detection and Classification in Concrete Structure},
	Volume = {2},
	Url = {},
	Year = {2016}}




@book{ann,
    author    = "A. Abraham",
    title     = "Handbook of Measuring System Design",
    year      = "2005",
    publisher = "John Wiley \& Sons, Ltd.",
    address   = {OK, USA}
}

@book{ekman,
    author    = "P. Ekman",
    title     = "NONNERBAL BEHAVIOR AND COMMUNICATION",
    year      = "1977",
    publisher = "Lawrence Erlbaum Association",
    address   = {New Jersey}
}
@book{mehrabian,
  author    = "A. Mehrabian",
    title     = "Nonverbal communication",
    year      = "1984",
    publisher = "CURRENT CONTENT",
    address   = {CA, USA}
}

@article{1,
	Author = {R. Goyal and T. Mittal},
	Journal = {HCTL Open Int. J. of Technology Innovations and Research},
	Month = {July},
	Number = {},
	Numpages = {10},
	Pages = {1--10},
	Title = {Facial Expression Recognition using Artificial Neural Network},
	Volume = {10},
	Year = {2014}}
		
@article{2,
	Author = {Ch. Satyananda Reddy and T. Srinivas},
	Journal = {International Journal of Applied Engineering Research },
	Month = {},
	Number = {1},
	Numpages = {6},
	Pages = {650--655},
	Title = {Improving the Classification Accuracy of Emotion Recognition using
Facial Expressions},
	Volume = {11},
	Year = {2016}}
	
@article{3,
	Author = {H. Boubenna and D. Lee},
	Journal = {12th International Conference on Natural Computation, Fuzzy Systems and Knowledge Discovery},
	Month = {August},
	Number = {},
	Numpages = {8},
	Pages = {511--517},
	Title = {Feature selection for facial emotion recognition based on genetic algorithm},
	Volume = {12},
	Year = {2016}}







